@ARTICLE{9035427,
  author={Saad, Abdul-Malik H. Y. and Abdullah, Mohd Zaid and Alduais, Nayef Abdulwahab Mohammed and Saâ€™ad, Hisham Haider Yusef},
  journal={IEEE Access}, 
  title={Impact of Spatial Dynamic Search With Matching Threshold Strategy on Fractal Image Compression Algorithm Performance: Study}, 
  year={2020},
  volume={8},
  number={},
  pages={52687-52699},
  keywords={Image coding;Fractals;Heuristic algorithms;Search problems;Encoding;Image quality;Hardware;Fractal image compression;fast search method;full search scheme},
  doi={10.1109/ACCESS.2020.2980747}}

@INPROCEEDINGS{8394553,
  author={Lee, Chih-Hung and Lu, Hao-ying and Horng, Ji-Hwei},
  booktitle={2018 IEEE International Conference on Applied System Invention (ICASI)}, 
  title={Color quantization by hierarchical octa-partition in RGB color space}, 
  year={2018},
  volume={},
  number={},
  pages={147-150},
  keywords={Image color analysis;Quantization (signal);Digital images;Conferences;Technological innovation;Color;Indexes;color quantization;RGB color space;indexed image;error diffusion;dithering},
  doi={10.1109/ICASI.2018.8394553}}
